<record><leader>00000cas a22000007a 4500</leader><controlfield tag="001">9978052</controlfield><controlfield tag="008">831004c19789999mouwr ne      0   a0eng d</controlfield><datafield ind1=" " ind2=" " tag="010"><subfield code="a">sn 83004678 </subfield></datafield><datafield ind1=" " ind2=" " tag="040"><subfield code="a">NSD</subfield><subfield code="b">eng</subfield><subfield code="c">NSD</subfield><subfield code="d">MQN</subfield><subfield code="d">OCLCQ</subfield></datafield><datafield ind1=" " ind2=" " tag="012"><subfield code="m">1</subfield></datafield><datafield ind1="1" ind2=" " tag="022"><subfield code="a">0746-3596</subfield><subfield code="l">0746-3596</subfield><subfield code="2">1</subfield></datafield><datafield ind1=" " ind2=" " tag="032"><subfield code="a">568300</subfield><subfield code="b">USPS</subfield></datafield><datafield ind1=" " ind2=" " tag="037"><subfield code="b">The Platte County Citizen, P.O. Box 888, Platte City, MO 64079</subfield></datafield><datafield ind1=" " ind2=" " tag="042"><subfield code="a">nsdp</subfield></datafield><datafield ind1=" " ind2="4" tag="222"><subfield code="a">The Platte County citizen</subfield></datafield><datafield ind1="0" ind2="4" tag="245"><subfield code="a">The Platte County citizen.</subfield></datafield><datafield ind1="1" ind2="7" tag="246"><subfield code="a">Platte Co. citizen</subfield></datafield><datafield ind1=" " ind2=" " tag="260"><subfield code="a">Edgerton, Mo. :</subfield><subfield code="b">Joseph G. &amp; Glenna S. Keefhaver,</subfield><subfield code="c">1978-</subfield></datafield><datafield ind1=" " ind2=" " tag="310"><subfield code="a">Weekly</subfield></datafield><datafield ind1="0" ind2=" " tag="362"><subfield code="a">16th year, no. 34 (Jan. 6, 1978)-</subfield></datafield><datafield ind1=" " ind2=" " tag="500"><subfield code="a">Publication moved to Platte City, Mo., Sept. 30, 1983.</subfield></datafield><datafield ind1=" " ind2=" " tag="752"><subfield code="a">United States</subfield><subfield code="b">Missouri</subfield><subfield code="c">Platte</subfield><subfield code="d">Platte City.</subfield></datafield><datafield ind1=" " ind2=" " tag="752"><subfield code="a">United States</subfield><subfield code="b">Missouri</subfield><subfield code="c">Platte</subfield><subfield code="d">Edgerton.</subfield></datafield><datafield ind1="0" ind2="0" tag="780"><subfield code="t">Edgerton citizen</subfield><subfield code="w">(DLC)sn 89067067</subfield></datafield><datafield ind1=" " ind2=" " tag="936"><subfield code="a">Sept. 2, 1983</subfield></datafield></record>